
@article{randerath2001satisfiability,
  title={A satisfiability formulation of problems on level graphs},
  author={Randerath, Bert and Speckenmeyer, Ewald and Boros, Endre and Hammer, Peter and Kogan, Alex and Makino, Kazuhisa and Simeone, Bruno and Cepek, Ondrej},
  journal={Electronic Notes in Discrete Mathematics},
  volume={9},
  pages={269--277},
  year={2001},
  publisher={Elsevier}
}
@incollection{fulek2012hanani,
  title={Hanani--Tutte, monotone drawings, and level-planarity},
  author={Fulek, Radoslav and Pelsmajer, Michael J and Schaefer, Marcus and {\v{S}}tefankovi{\v{c}}, Daniel},
  booktitle={Thirty essays on geometric graph theory},
  pages={263--287},
  year={2012},
  publisher={Springer}
}
